%YAML 1.1
%TAG !u! tag:unity3d.com,2011:
--- !u!1 &6921620942154534475
GameObject:
  m_ObjectHideFlags: 0
  m_CorrespondingSourceObject: {fileID: 0}
  m_PrefabInstance: {fileID: 0}
  m_PrefabAsset: {fileID: 0}
  serializedVersion: 6
  m_Component:
  - component: {fileID: 6925124477348035657}
  - component: {fileID: 8544582531509884282}
  m_Layer: 0
  m_Name: PlayerHolder
  m_TagString: Untagged
  m_Icon: {fileID: 0}
  m_NavMeshLayer: 0
  m_StaticEditorFlags: 0
  m_IsActive: 1
--- !u!4 &6925124477348035657
Transform:
  m_ObjectHideFlags: 0
  m_CorrespondingSourceObject: {fileID: 0}
  m_PrefabInstance: {fileID: 0}
  m_PrefabAsset: {fileID: 0}
  m_GameObject: {fileID: 6921620942154534475}
  m_LocalRotation: {x: 0, y: 0, z: 0, w: 1}
  m_LocalPosition: {x: 0, y: 0, z: 0}
  m_LocalScale: {x: 1, y: 1, z: 1}
  m_Children:
  - {fileID: 3666949126708959563}
  - {fileID: 4959238478831761424}
  - {fileID: 4960155583858169811}
  - {fileID: 5329663294993480693}
  m_Father: {fileID: 0}
  m_RootOrder: 0
  m_LocalEulerAnglesHint: {x: 0, y: 0, z: 0}
--- !u!114 &8544582531509884282
MonoBehaviour:
  m_ObjectHideFlags: 0
  m_CorrespondingSourceObject: {fileID: 0}
  m_PrefabInstance: {fileID: 0}
  m_PrefabAsset: {fileID: 0}
  m_GameObject: {fileID: 6921620942154534475}
  m_Enabled: 1
  m_EditorHideFlags: 0
  m_Script: {fileID: 11500000, guid: 3709aca8405b9cc418f3d4e9d40525a8, type: 3}
  m_Name: 
  m_EditorClassIdentifier: 
  canvas: {fileID: 4960155583858169808}
  cam: {fileID: 3666949126708959562}
  freeLook: {fileID: 4959238478831761425}
  player: {fileID: 5329663294993480694}
--- !u!1001 &1653761987628108861
PrefabInstance:
  m_ObjectHideFlags: 0
  serializedVersion: 2
  m_Modification:
    m_TransformParent: {fileID: 6925124477348035657}
    m_Modifications:
    - target: {fileID: 5269861171156138639, guid: 2703849f44fdfc045a3cd7913c491aee, type: 3}
      propertyPath: m_AnchorMax.x
      value: 0
      objectReference: {fileID: 0}
    - target: {fileID: 5269861171156138639, guid: 2703849f44fdfc045a3cd7913c491aee, type: 3}
      propertyPath: m_AnchorMax.y
      value: 0
      objectReference: {fileID: 0}
    - target: {fileID: 5919230731675458542, guid: 2703849f44fdfc045a3cd7913c491aee, type: 3}
      propertyPath: m_Pivot.x
      value: 0
      objectReference: {fileID: 0}
    - target: {fileID: 5919230731675458542, guid: 2703849f44fdfc045a3cd7913c491aee, type: 3}
      propertyPath: m_Pivot.y
      value: 0
      objectReference: {fileID: 0}
    - target: {fileID: 5919230731675458542, guid: 2703849f44fdfc045a3cd7913c491aee, type: 3}
      propertyPath: m_RootOrder
      value: 2
      objectReference: {fileID: 0}
    - target: {fileID: 5919230731675458542, guid: 2703849f44fdfc045a3cd7913c491aee, type: 3}
      propertyPath: m_AnchorMax.x
      value: 0
      objectReference: {fileID: 0}
    - target: {fileID: 5919230731675458542, guid: 2703849f44fdfc045a3cd7913c491aee, type: 3}
      propertyPath: m_AnchorMax.y
      value: 0
      objectReference: {fileID: 0}
    - target: {fileID: 5919230731675458542, guid: 2703849f44fdfc045a3cd7913c491aee, type: 3}
      propertyPath: m_AnchorMin.x
      value: 0
      objectReference: {fileID: 0}
    - target: {fileID: 5919230731675458542, guid: 2703849f44fdfc045a3cd7913c491aee, type: 3}
      propertyPath: m_AnchorMin.y
      value: 0
      objectReference: {fileID: 0}
    - target: {fileID: 5919230731675458542, guid: 2703849f44fdfc045a3cd7913c491aee, type: 3}
      propertyPath: m_SizeDelta.x
      value: 0
      objectReference: {fileID: 0}
    - target: {fileID: 5919230731675458542, guid: 2703849f44fdfc045a3cd7913c491aee, type: 3}
      propertyPath: m_SizeDelta.y
      value: 0
      objectReference: {fileID: 0}
    - target: {fileID: 5919230731675458542, guid: 2703849f44fdfc045a3cd7913c491aee, type: 3}
      propertyPath: m_LocalPosition.x
      value: 0
      objectReference: {fileID: 0}
    - target: {fileID: 5919230731675458542, guid: 2703849f44fdfc045a3cd7913c491aee, type: 3}
      propertyPath: m_LocalPosition.y
      value: 0
      objectReference: {fileID: 0}
    - target: {fileID: 5919230731675458542, guid: 2703849f44fdfc045a3cd7913c491aee, type: 3}
      propertyPath: m_LocalPosition.z
      value: 0
      objectReference: {fileID: 0}
    - target: {fileID: 5919230731675458542, guid: 2703849f44fdfc045a3cd7913c491aee, type: 3}
      propertyPath: m_LocalRotation.w
      value: 1
      objectReference: {fileID: 0}
    - target: {fileID: 5919230731675458542, guid: 2703849f44fdfc045a3cd7913c491aee, type: 3}
      propertyPath: m_LocalRotation.x
      value: 0
      objectReference: {fileID: 0}
    - target: {fileID: 5919230731675458542, guid: 2703849f44fdfc045a3cd7913c491aee, type: 3}
      propertyPath: m_LocalRotation.y
      value: 0
      objectReference: {fileID: 0}
    - target: {fileID: 5919230731675458542, guid: 2703849f44fdfc045a3cd7913c491aee, type: 3}
      propertyPath: m_LocalRotation.z
      value: 0
      objectReference: {fileID: 0}
    - target: {fileID: 5919230731675458542, guid: 2703849f44fdfc045a3cd7913c491aee, type: 3}
      propertyPath: m_AnchoredPosition.x
      value: 0
      objectReference: {fileID: 0}
    - target: {fileID: 5919230731675458542, guid: 2703849f44fdfc045a3cd7913c491aee, type: 3}
      propertyPath: m_AnchoredPosition.y
      value: 0
      objectReference: {fileID: 0}
    - target: {fileID: 5919230731675458542, guid: 2703849f44fdfc045a3cd7913c491aee, type: 3}
      propertyPath: m_LocalEulerAnglesHint.x
      value: 0
      objectReference: {fileID: 0}
    - target: {fileID: 5919230731675458542, guid: 2703849f44fdfc045a3cd7913c491aee, type: 3}
      propertyPath: m_LocalEulerAnglesHint.y
      value: 0
      objectReference: {fileID: 0}
    - target: {fileID: 5919230731675458542, guid: 2703849f44fdfc045a3cd7913c491aee, type: 3}
      propertyPath: m_LocalEulerAnglesHint.z
      value: 0
      objectReference: {fileID: 0}
    - target: {fileID: 5919230731675458546, guid: 2703849f44fdfc045a3cd7913c491aee, type: 3}
      propertyPath: m_Name
      value: PlayerCanvas
      objectReference: {fileID: 0}
    m_RemovedComponents: []
  m_SourcePrefab: {fileID: 100100000, guid: 2703849f44fdfc045a3cd7913c491aee, type: 3}
--- !u!224 &4960155583858169811 stripped
RectTransform:
  m_CorrespondingSourceObject: {fileID: 5919230731675458542, guid: 2703849f44fdfc045a3cd7913c491aee, type: 3}
  m_PrefabInstance: {fileID: 1653761987628108861}
  m_PrefabAsset: {fileID: 0}
--- !u!223 &4960155583858169808 stripped
Canvas:
  m_CorrespondingSourceObject: {fileID: 5919230731675458541, guid: 2703849f44fdfc045a3cd7913c491aee, type: 3}
  m_PrefabInstance: {fileID: 1653761987628108861}
  m_PrefabAsset: {fileID: 0}
--- !u!114 &4188677224227926269 stripped
MonoBehaviour:
  m_CorrespondingSourceObject: {fileID: 3229780746931666112, guid: 2703849f44fdfc045a3cd7913c491aee, type: 3}
  m_PrefabInstance: {fileID: 1653761987628108861}
  m_PrefabAsset: {fileID: 0}
  m_GameObject: {fileID: 0}
  m_Enabled: 1
  m_EditorHideFlags: 0
  m_Script: {fileID: 11500000, guid: f4688fdb7df04437aeb418b961361dc5, type: 3}
  m_Name: 
  m_EditorClassIdentifier: 
--- !u!1001 &2188743138292827764
PrefabInstance:
  m_ObjectHideFlags: 0
  serializedVersion: 2
  m_Modification:
    m_TransformParent: {fileID: 6925124477348035657}
    m_Modifications:
    - target: {fileID: 6524936678395854436, guid: a171293a2442dc747b08e457dd77bfab, type: 3}
      propertyPath: m_RootOrder
      value: 1
      objectReference: {fileID: 0}
    - target: {fileID: 6524936678395854436, guid: a171293a2442dc747b08e457dd77bfab, type: 3}
      propertyPath: m_LocalPosition.x
      value: -11.12
      objectReference: {fileID: 0}
    - target: {fileID: 6524936678395854436, guid: a171293a2442dc747b08e457dd77bfab, type: 3}
      propertyPath: m_LocalPosition.y
      value: 2.5
      objectReference: {fileID: 0}
    - target: {fileID: 6524936678395854436, guid: a171293a2442dc747b08e457dd77bfab, type: 3}
      propertyPath: m_LocalPosition.z
      value: -12
      objectReference: {fileID: 0}
    - target: {fileID: 6524936678395854436, guid: a171293a2442dc747b08e457dd77bfab, type: 3}
      propertyPath: m_LocalRotation.w
      value: 1
      objectReference: {fileID: 0}
    - target: {fileID: 6524936678395854436, guid: a171293a2442dc747b08e457dd77bfab, type: 3}
      propertyPath: m_LocalRotation.x
      value: 0
      objectReference: {fileID: 0}
    - target: {fileID: 6524936678395854436, guid: a171293a2442dc747b08e457dd77bfab, type: 3}
      propertyPath: m_LocalRotation.y
      value: 0
      objectReference: {fileID: 0}
    - target: {fileID: 6524936678395854436, guid: a171293a2442dc747b08e457dd77bfab, type: 3}
      propertyPath: m_LocalRotation.z
      value: 0
      objectReference: {fileID: 0}
    - target: {fileID: 6524936678395854436, guid: a171293a2442dc747b08e457dd77bfab, type: 3}
      propertyPath: m_LocalEulerAnglesHint.x
      value: 0
      objectReference: {fileID: 0}
    - target: {fileID: 6524936678395854436, guid: a171293a2442dc747b08e457dd77bfab, type: 3}
      propertyPath: m_LocalEulerAnglesHint.y
      value: 0
      objectReference: {fileID: 0}
    - target: {fileID: 6524936678395854436, guid: a171293a2442dc747b08e457dd77bfab, type: 3}
      propertyPath: m_LocalEulerAnglesHint.z
      value: 0
      objectReference: {fileID: 0}
    - target: {fileID: 6524936678395854439, guid: a171293a2442dc747b08e457dd77bfab, type: 3}
      propertyPath: m_Name
      value: PlayerFreeLook
      objectReference: {fileID: 0}
    - target: {fileID: 6524936678723996416, guid: a171293a2442dc747b08e457dd77bfab, type: 3}
      propertyPath: m_FollowOffset.y
      value: 5
      objectReference: {fileID: 0}
    - target: {fileID: 6524936679174425762, guid: a171293a2442dc747b08e457dd77bfab, type: 3}
      propertyPath: m_FollowOffset.y
      value: 5
      objectReference: {fileID: 0}
    - target: {fileID: 6524936679571490721, guid: a171293a2442dc747b08e457dd77bfab, type: 3}
      propertyPath: m_FollowOffset.y
      value: 5
      objectReference: {fileID: 0}
    m_RemovedComponents: []
  m_SourcePrefab: {fileID: 100100000, guid: a171293a2442dc747b08e457dd77bfab, type: 3}
--- !u!4 &4959238478831761424 stripped
Transform:
  m_CorrespondingSourceObject: {fileID: 6524936678395854436, guid: a171293a2442dc747b08e457dd77bfab, type: 3}
  m_PrefabInstance: {fileID: 2188743138292827764}
  m_PrefabAsset: {fileID: 0}
--- !u!114 &4959238478831761425 stripped
MonoBehaviour:
  m_CorrespondingSourceObject: {fileID: 6524936678395854437, guid: a171293a2442dc747b08e457dd77bfab, type: 3}
  m_PrefabInstance: {fileID: 2188743138292827764}
  m_PrefabAsset: {fileID: 0}
  m_GameObject: {fileID: 0}
  m_Enabled: 1
  m_EditorHideFlags: 0
  m_Script: {fileID: 11500000, guid: 319d2fe34a804e245819465c9505ea59, type: 3}
  m_Name: 
  m_EditorClassIdentifier: 
--- !u!1001 &4526350632060200338
PrefabInstance:
  m_ObjectHideFlags: 0
  serializedVersion: 2
  m_Modification:
    m_TransformParent: {fileID: 6925124477348035657}
    m_Modifications:
    - target: {fileID: 879131179922144470, guid: c06655156f1fed74a9a5ac5eff6f717b, type: 3}
      propertyPath: m_Name
      value: PlayerCamera
      objectReference: {fileID: 0}
    - target: {fileID: 879131179922144473, guid: c06655156f1fed74a9a5ac5eff6f717b, type: 3}
      propertyPath: m_RootOrder
      value: 0
      objectReference: {fileID: 0}
    - target: {fileID: 879131179922144473, guid: c06655156f1fed74a9a5ac5eff6f717b, type: 3}
      propertyPath: m_LocalPosition.x
      value: -11.12
      objectReference: {fileID: 0}
    - target: {fileID: 879131179922144473, guid: c06655156f1fed74a9a5ac5eff6f717b, type: 3}
      propertyPath: m_LocalPosition.y
      value: 2.5
      objectReference: {fileID: 0}
    - target: {fileID: 879131179922144473, guid: c06655156f1fed74a9a5ac5eff6f717b, type: 3}
      propertyPath: m_LocalPosition.z
      value: -12
      objectReference: {fileID: 0}
    - target: {fileID: 879131179922144473, guid: c06655156f1fed74a9a5ac5eff6f717b, type: 3}
      propertyPath: m_LocalRotation.w
      value: -0.99985266
      objectReference: {fileID: 0}
    - target: {fileID: 879131179922144473, guid: c06655156f1fed74a9a5ac5eff6f717b, type: 3}
      propertyPath: m_LocalRotation.x
      value: -0.017166097
      objectReference: {fileID: 0}
    - target: {fileID: 879131179922144473, guid: c06655156f1fed74a9a5ac5eff6f717b, type: 3}
      propertyPath: m_LocalRotation.y
      value: 3.0241135e-10
      objectReference: {fileID: 0}
    - target: {fileID: 879131179922144473, guid: c06655156f1fed74a9a5ac5eff6f717b, type: 3}
      propertyPath: m_LocalRotation.z
      value: -5.1919875e-12
      objectReference: {fileID: 0}
    - target: {fileID: 879131179922144473, guid: c06655156f1fed74a9a5ac5eff6f717b, type: 3}
      propertyPath: m_LocalEulerAnglesHint.x
      value: 0
      objectReference: {fileID: 0}
    - target: {fileID: 879131179922144473, guid: c06655156f1fed74a9a5ac5eff6f717b, type: 3}
      propertyPath: m_LocalEulerAnglesHint.y
      value: 0
      objectReference: {fileID: 0}
    - target: {fileID: 879131179922144473, guid: c06655156f1fed74a9a5ac5eff6f717b, type: 3}
      propertyPath: m_LocalEulerAnglesHint.z
      value: 0
      objectReference: {fileID: 0}
    m_RemovedComponents: []
  m_SourcePrefab: {fileID: 100100000, guid: c06655156f1fed74a9a5ac5eff6f717b, type: 3}
--- !u!4 &3666949126708959563 stripped
Transform:
  m_CorrespondingSourceObject: {fileID: 879131179922144473, guid: c06655156f1fed74a9a5ac5eff6f717b, type: 3}
  m_PrefabInstance: {fileID: 4526350632060200338}
  m_PrefabAsset: {fileID: 0}
--- !u!20 &3666949126708959562 stripped
Camera:
  m_CorrespondingSourceObject: {fileID: 879131179922144472, guid: c06655156f1fed74a9a5ac5eff6f717b, type: 3}
  m_PrefabInstance: {fileID: 4526350632060200338}
  m_PrefabAsset: {fileID: 0}
--- !u!1001 &7382019045904592553
PrefabInstance:
  m_ObjectHideFlags: 0
  serializedVersion: 2
  m_Modification:
    m_TransformParent: {fileID: 6925124477348035657}
    m_Modifications:
    - target: {fileID: 3424133962778907996, guid: 8d4938b45631f4b46a6aa33efd1cf120, type: 3}
      propertyPath: m_RootOrder
      value: 3
      objectReference: {fileID: 0}
    - target: {fileID: 3424133962778907996, guid: 8d4938b45631f4b46a6aa33efd1cf120, type: 3}
      propertyPath: m_LocalPosition.x
      value: -11.12
      objectReference: {fileID: 0}
    - target: {fileID: 3424133962778907996, guid: 8d4938b45631f4b46a6aa33efd1cf120, type: 3}
      propertyPath: m_LocalPosition.y
      value: 0
      objectReference: {fileID: 0}
    - target: {fileID: 3424133962778907996, guid: 8d4938b45631f4b46a6aa33efd1cf120, type: 3}
      propertyPath: m_LocalPosition.z
      value: 0
      objectReference: {fileID: 0}
    - target: {fileID: 3424133962778907996, guid: 8d4938b45631f4b46a6aa33efd1cf120, type: 3}
      propertyPath: m_LocalRotation.w
      value: 1
      objectReference: {fileID: 0}
    - target: {fileID: 3424133962778907996, guid: 8d4938b45631f4b46a6aa33efd1cf120, type: 3}
      propertyPath: m_LocalRotation.x
      value: 0
      objectReference: {fileID: 0}
    - target: {fileID: 3424133962778907996, guid: 8d4938b45631f4b46a6aa33efd1cf120, type: 3}
      propertyPath: m_LocalRotation.y
      value: 0
      objectReference: {fileID: 0}
    - target: {fileID: 3424133962778907996, guid: 8d4938b45631f4b46a6aa33efd1cf120, type: 3}
      propertyPath: m_LocalRotation.z
      value: 0
      objectReference: {fileID: 0}
    - target: {fileID: 3424133962778907996, guid: 8d4938b45631f4b46a6aa33efd1cf120, type: 3}
      propertyPath: m_LocalEulerAnglesHint.x
      value: 0
      objectReference: {fileID: 0}
    - target: {fileID: 3424133962778907996, guid: 8d4938b45631f4b46a6aa33efd1cf120, type: 3}
      propertyPath: m_LocalEulerAnglesHint.y
      value: 0
      objectReference: {fileID: 0}
    - target: {fileID: 3424133962778907996, guid: 8d4938b45631f4b46a6aa33efd1cf120, type: 3}
      propertyPath: m_LocalEulerAnglesHint.z
      value: 0
      objectReference: {fileID: 0}
    - target: {fileID: 3424133962778907998, guid: 8d4938b45631f4b46a6aa33efd1cf120, type: 3}
      propertyPath: m_Camera
      value: 
      objectReference: {fileID: 3666949126708959562}
    - target: {fileID: 3424133962778907999, guid: 8d4938b45631f4b46a6aa33efd1cf120, type: 3}
      propertyPath: scoringWarning
      value: 
      objectReference: {fileID: 4188677224227926269}
    - target: {fileID: 3424133962778908000, guid: 8d4938b45631f4b46a6aa33efd1cf120, type: 3}
      propertyPath: m_Name
      value: Player (test PH)
      objectReference: {fileID: 0}
    m_RemovedComponents: []
  m_SourcePrefab: {fileID: 100100000, guid: 8d4938b45631f4b46a6aa33efd1cf120, type: 3}
--- !u!4 &5329663294993480693 stripped
Transform:
  m_CorrespondingSourceObject: {fileID: 3424133962778907996, guid: 8d4938b45631f4b46a6aa33efd1cf120, type: 3}
  m_PrefabInstance: {fileID: 7382019045904592553}
  m_PrefabAsset: {fileID: 0}
--- !u!114 &5329663294993480694 stripped
MonoBehaviour:
  m_CorrespondingSourceObject: {fileID: 3424133962778907999, guid: 8d4938b45631f4b46a6aa33efd1cf120, type: 3}
  m_PrefabInstance: {fileID: 7382019045904592553}
  m_PrefabAsset: {fileID: 0}
  m_GameObject: {fileID: 0}
  m_Enabled: 1
  m_EditorHideFlags: 0
  m_Script: {fileID: 11500000, guid: 721bee769185a9f44b147ad2e705355d, type: 3}
  m_Name: 
  m_EditorClassIdentifier: 
